@article{Bergman2007,
author = {Bergman, Keren and Carloni, L P and Kash, J A and Vlasov, Yurii A},
file = {:home/zepolitat/.local/share/data/Mendeley Ltd./Mendeley Desktop/Downloaded/Bergman et al. - 2007 - On-Chip Photonic Communication for High-Performance Multi-Core Processors.pdf:pdf},
journal = {Proceedings of the Eleventh Annual Workshop on High Performance Embedded Computing HPEC},
pages = {2--3},
title = {{On-Chip Photonic Communication for High-Performance Multi-Core Processors}},
year = {2007}
}
