@inproceedings{puente1999adaptive,
  title={Adaptive bubble router: a design to improve performance in torus networks},
  author={Puente, Valentin and Beivide, Ramn and Gregorio, JA and Prellezo, JM and Duato, Jose and Izu, Cruz},
  booktitle={Parallel Processing, 1999. Proceedings. 1999 International Conference on},
  pages={58--67},
  year={1999},
  organization={IEEE}
}
