@article{chan2011,
title = {{Physical-Layer Modeling and System-Level Design of Chip-Scale Photonic Interconnection Networks}},
  author={Chan, Johnnie and Hendry, Gilbert and Bergman, Keren and Carloni, Luca P},
  journal={Computer-Aided Design of Integrated Circuits and Systems, IEEE Transactions on},
  volume={30},
  number={10},
  pages={1507--1520},
  year={2011},
  publisher={IEEE}
}
