@book{trejos2004,
  title={Texto guia-inferencia estadistica.},
  author={TREJOS, √Ålvaro},
  year={2004},
  publisher={Universidad tecnologica de Pereira.}
}
