@book{dally2004principles,
  title={Principles and practices of interconnection networks},
  author={Dally, William James and Towles, Brian Patrick},
  year={2004},
  publisher={Morgan Kaufmann}
}
