@article{little1998ultra,
  title={Ultra-compact Si-SiO< sub> 2</sub> microring resonator optical channel dropping filters},
  author={Little, Brent E and Foresi, JS and Steinmeyer, G and Thoen, ER and Chu, ST and Haus, HA and Ippen, EP and Kimerling, LC and Greene, W},
  journal={Photonics Technology Letters, IEEE},
  volume={10},
  number={4},
  pages={549--551},
  year={1998},
  publisher={IEEE}
}
