@BOOKLET{Lumerical_web,
author = {{Lumerical Solutions,}, Inc},
title = {{Lumerical FDTD Solutions}}
howpublished = "\url{http://www.lumerical.com/tcad-products/fdtd}",
note = "[Online; accessed Jan-2013]"
}
