@BOOKLET{MIT_intro,
author = {{Massachusetts Institute of Technology}, MIT},
title = {{Meep Introduction - AbInitio}},
howpublished = "\url{http://ab-initio.mit.edu/wiki/index.php/Meep\_Introduction}",
note = "[Online; accessed Dec-2012]"
}
