@book{paloczi2005polymer,
  title={Polymer integrated optics: device architectures and fabrication methods},
  author={Paloczi, George T},
  year={2005}
}
