@article{Manual,
author = {Manual, Phoenixsim User and Hendry, Gilbert and Chan, Johnnie},
file = {:home/zepolitat/.local/share/data/Mendeley Ltd./Mendeley Desktop/Downloaded/Manual, Hendry, Chan - Unknown - PhoenixSim 1.0 User Manual(2).pdf:pdf},
pages = {0--60},
title = {{PhoenixSim 1.0 User Manual}}
}
