@article{boeck2010series,
  title={Series-coupled silicon racetrack resonators and the Vernier effect: theory and measurement},
  author={Boeck, Robi and Jaeger, Nicolas A and Rouger, Nicolas and Chrostowski, Lukas},
  journal={Optics express},
  volume={18},
  number={24},
  pages={25151--25157},
  year={2010},
  publisher={Optical Society of America}
}
