@inproceedings{hendry2009analysis,
  title={Analysis of photonic networks for a chip multiprocessor using scientific applications},
  author={Hendry, Gilbert and Kamil, Shoaib and Biberman, Aleksandr and Chan, Johnnie and Lee, Benjamin G and Mohiyuddin, Marghoob and Jain, Ankit and Bergman, Keren and Carloni, Luca P and Kubiatowicz, John and others},
  booktitle={Networks-on-Chip, 2009. NoCS 2009. 3rd ACM/IEEE International Symposium on},
  pages={104--113},
  year={2009},
  organization={IEEE}
}
