@article{vantrease2008corona,
  title={Corona: System implications of emerging nanophotonic technology},
  author={Vantrease, Dana and Schreiber, Robert and Monchiero, Matteo and McLaren, Moray and Jouppi, Norman P and Fiorentino, Marco and Davis, Al and Binkert, Nathan and Beausoleil, Raymond G and Ahn, Jung Ho},
  journal={ACM SIGARCH Computer Architecture News},
  volume={36},
  number={3},
  pages={153--164},
  year={2008},
  publisher={ACM}
}
