@article{verdeyen1989laser,
  title={Laser electronics},
  author={Verdeyen, Joseph Thomas},
  year={1989},
  publisher={Prentice Hall, Englewood Cliffs, NJ}
}
