@article{xia2006ultracompact,
  title={Ultracompact optical buffers on a silicon chip},
  author={Xia, Fengnian and Sekaric, Lidija and Vlasov, Yurii},
  journal={Nature Photonics},
  volume={1},
  number={1},
  pages={65--71},
  year={2006},
  publisher={Nature Publishing Group}
}
