@article{cornerdetection,
  title={Visual Perception Corner Detection},
  author={Martinez Herrera, Sergio Eduardo},
  pages={1-9},
  publisher={Universitat de Girona}
}
