@BOOKLET{BicubicPaul,
author = {Paul Breeuwsma},
title = {Cubic interpolation},
month = April,
howpublished = "\url{http://www.paulinternet.nl/?page=bicubic}",
note = "[Online; accessed Apr-2013]"
}
