@BOOKLET{BicubicWiki,
author = {Wikipedia},
title = {Bicubic interpolation},
month = Marzo,
howpublished = "\url{http://en.wikipedia.org/wiki/Bicubic_interpolation}",
note = "[Online; accessed Apr-2013]"
}
