@article{abujnah2012numerical,
  title={Numerical modelling of optical micro-cavity ring resonators for WDM networks},
  author={Abujnah, Nabeil Abduljallil Abubaker},
  year={2012},
  publisher={University of Glamorgan}
}
