@article{davis2009bee3,
  title={BEE3: Revitalizing computer architecture research},
  author={Davis, John D and Thacker, Charles P and Chang, Chen and Thacker, C and Davis, J},
  journal={Microsoft Research},
  year={2009}
}
