@misc{benchFFT,
author = {Frigo, M and Johnson, Steven G},
file = {::},
keywords = {FFT,benchfft,benchmark},
mendeley-tags = {benchfft},
title = {{The benchFFT}},
url = {http://www.fftw.org/benchfft/},
urldate = {19/03/13},
year = {2013}
}
