@article{chan2011physical,
  title={Physical-layer modeling and system-level design of chip-scale photonic interconnection networks},
  author={Chan, Johnnie and Hendry, Gilbert and Bergman, Keren and Carloni, Luca P},
  journal={Computer-Aided Design of Integrated Circuits and Systems, IEEE Transactions on},
  volume={30},
  number={10},
  pages={1507--1520},
  year={2011},
  publisher={IEEE}
}
