@article{gutierrez2003analisis,
  title={An{\'a}lisis y dise{\~n}o de experimentos},
  author={Guti{\'e}rrez Pulido, Humberto and de la Vara Salazar, Ram{\'o}n},
  journal={Editorial McGraw Hill, M{\'e}xico},
  year={2003}
}
