@article{Asanovic2007,
abstract = {The recent switch to parallel microprocessors is a milestone in the history of computing. Industry has laid out a roadmap for multicore designs that preserves the programming paradigm of the past via binary compatibility and cache coherence. Conventional wisdom is now to double the number of cores on a chip with each silicon generation.},
author = {Asanovic, Krste and Bodik, Ras and Demmel, Jim and Kubiatowicz, John and Keutzer, Kurt and Lee, Edward and Necula, George and Patterson, Dave and Sen, Koushik and Shalf, John and Wawrzynek, John and Yelick, Kathy},
journal = {Electrical Engineering and Computer Sciences University of California at Berkeley Technical Report No. UCB/EECS-2006-183},
pages = {54},
title = {{The Landscape of Parallel Computing Research : A View from Berkeley}},
url = {http://www.eecs.berkeley.edu/Pubs/TechRpts/2006/EECS-2006-183.pdf},
year = {2007}
}
