@techreport{Lumerical2009,
author = {Lumerical},
file = {:home/zepolitat/Dropbox/Sirius/Silicon Photonics/Shared Silicon/Simulator/Lumerical/MODE\_getting\_started.pdf:pdf},
title = {{MODE Solutions, Getting Started}},
year = {2009}
}
