@misc{MIT_intro,
author = {{Massachusetts Institute of Technology}, MIT},
file = {:home/zepolitat/.local/share/data/Mendeley Ltd./Mendeley Desktop/Downloaded/Unknown - Unknown - Meep Introduction - AbInitio.html:html},
keywords = {Citing Meep,Cylindrical coordinates in Meep,Exploiting symmetry in Meep,Harminv,MPB,MPB Introduction,MPB User Tutorial,MPB manual,Materials in Meep,Meep,Meep Introduction},
title = {{Meep Introduction - AbInitio}},
url = {http://ab-initio.mit.edu/wiki/index.php/Meep\_Introduction},
urldate = {12/03/13}
}
