@BOOKLET{MIT_tuto,
author = {{Massachusetts Institute of Technology}, MIT},
title = {{Meep Tutorial - AbInitio}},
howpublished = "\url{http://ab-initio.mit.edu/wiki/index.php/Meep\_tutorial}",
note = "[Online; accessed Dec-2012]"
}

