@article{oskooi2010meep,
  title={MEEP: A flexible free-software package for electromagnetic simulations by the FDTD method},
  author={Oskooi, Ardavan F and Roundy, David and Ibanescu, Mihai and Bermel, Peter and Joannopoulos, JD and Johnson, Steven G},
  journal={Computer Physics Communications},
  volume={181},
  number={3},
  pages={687--702},
  year={2010},
  publisher={Elsevier}
}
