@article{varga2005omnet++,
  title={OMNeT++ discrete event simulation system},
  author={Varga, Andras and others},
  year={2005},
  publisher={Citeseer}
}
