@article{Chan2010,
author = {Chan, Johnnie and Hendry, Gilbert and Biberman, Aleksandr and Bergman, Keren and Carloni, Luca P},
file = {:home/zepolitat/.local/share/data/Mendeley Ltd./Mendeley Desktop/Downloaded/Chan et al. - 2010 - PhoenixSim a simulator for physical-layer analysis of chip-scale photonic interconnection networks.pdf:pdf},
isbn = {978-3-9810801-6-2},
month = mar,
pages = {691--696},
title = {{PhoenixSim: a simulator for physical-layer analysis of chip-scale photonic interconnection networks}},
url = {http://dl.acm.org/citation.cfm?id=1870926.1871093},
year = {2010}
}
