@article{hendry2011time,
  title={Time-division-multiplexed arbitration in silicon nanophotonic networks-on-chip for high-performance chip multiprocessors},
  author={Hendry, Gilbert and Robinson, Eric and Gleyzer, Vitaliy and Chan, Johnnie and Carloni, Luca P and Bliss, Nadya and Bergman, Keren},
  journal={Journal of Parallel and Distributed Computing},
  volume={71},
  number={5},
  pages={641--650},
  year={2011},
  publisher={Elsevier}
}
