@article{shacham2008photonic,
  title={Photonic networks-on-chip for future generations of chip multiprocessors},
  author={Shacham, Assaf and Bergman, Keren and Carloni, Luca P},
  journal={Computers, IEEE Transactions on},
  volume={57},
  number={9},
  pages={1246--1260},
  year={2008},
  publisher={IEEE}
}
