@article{blasco2011desarrollo,
  title={Desarrollo de aplicaciones basadas en la gu{\'\i}a nanofot{\'o}nica de silicio tipo ranura.},
  author={Blasco Solbes, Javier},
  year={2011}
}
