@article{gnan2008fabrication,
  title={Fabrication of low-loss photonic wires in silicon-on-insulator using hydrogen silsesquioxane electron-beam resist},
  author={Gnan, M and Thoms, S and Macintyre, DS and De La Rue, RM and Sorel, M},
  journal={Electronics Letters},
  volume={44},
  number={2},
  pages={115--116},
  year={2008},
  publisher={IET}
}
