@article{bogaerts2007low,
  title={Low-loss, low-cross-talk crossings for silicon-on-insulator nanophotonic waveguides},
  author={Bogaerts, Wim and Dumon, Pieter and Thourhout, Dries Van and Baets, Roel},
  journal={Optics letters},
  volume={32},
  number={19},
  pages={2801--2803},
  year={2007},
  publisher={Optical Society of America}
}
