@book{yariv2006photonics,
  title={Photonics: Optical Electronics in Modern Communications (The Oxford Series in Electrical and Computer Engineering)},
  author={Yariv, Amnon and Yeh, Pochi},
  year={2006},
  publisher={Oxford University Press, Inc.}
}
