@book{nixon2008feature,
  title={Feature extraction \& image processing},
  author={Nixon, Mark and Aguado, Alberto S},
  year={2008},
  publisher={Academic Press}
}
