@book{hartley2000multiple,
  title={Multiple view geometry in computer vision},
  author={Hartley, Richard and Zisserman, Andrew},
  volume={2},
  year={2000},
  publisher={Cambridge Univ Press}
}
