@BOOKLET{BilinearWiki,
author = {Wikipedia},
title = {Bilinear interpolation},
month = Marzo,
howpublished = "\url{http://en.wikipedia.org/wiki/Bilinear_interpolation}",
note = "[Online; accessed Mar-2013]"
}
@article{kitchen1982gray,
  title={Visual Perception Corner Detection},
  author={Martinez Herrera, Sergio Eduardo},
  pages={1-9},
  publisher={Universitat de Girona}
}
@BOOKLET{LLS,
author = {Wikipedia},
title = {Linear Least Squares},
month = Marzo,
howpublished = "\url{http://en.wikipedia.org/wiki/Linear_least_squares_(mathematics)}",
note = "[Online; accessed Jun-2013]"
}
@book{hartley2000multiple,
  title={Multiple view geometry in computer vision},
  author={Hartley, Richard and Zisserman, Andrew},
  volume={2},
  year={2000},
  publisher={Cambridge Univ Press}
}
