@BOOKLET{BicubicWiki,
author = {Wikipedia},
title = {Bicubic interpolation},
month = Marzo,
howpublished = "\url{http://en.wikipedia.org/wiki/Bicubic_interpolation}",
note = "[Online; accessed Apr-2013]"
}
@BOOKLET{BicubicPaul,
author = {Paul Breeuwsma},
title = {Cubic interpolation},
month = April,
howpublished = "\url{http://www.paulinternet.nl/?page=bicubic}",
note = "[Online; accessed Apr-2013]"
}
@book{hartley2000multiple,
  title={Multiple view geometry in computer vision},
  author={Hartley, Richard and Zisserman, Andrew},
  volume={2},
  year={2000},
  publisher={Cambridge Univ Press}
}
