@book{kamen2000fundamentals,
  title={Fundamentals of Signals and Systems: With MATLAB Examples},
  author={Kamen, Edward and Heck, Bonnie},
  year={2000},
  publisher={Prentice Hall PTR}
}
