@BOOKLET{wprobl_c1,
author = {{School of Electrical and Computer Engineering}, Georgia Tech},
title = {{Worked Problems, Chapter 4}},
howpublished = "\url{http://users.ece.gatech.edu/~bonnie/book/worked_problems/Chap4_Fseries_sol.pdf}",
note = "[Online; accessed Apr-2013]"
}
