@book{kamen2000fundamentals,
  title={Fundamentals of Signals and Systems: With MATLAB Examples},
  author={Kamen, Edward and Heck, Bonnie},
  year={2000},
  publisher={Prentice Hall PTR}
}
@BOOKLET{watts2013,
author = {Watts, Phillip.},
title = {Exploring Chip to Chip Photonic Networks for Improving Performance.},
howpublished = "\url{http://www.informatics.sussex.ac.uk/research/projects/ngn/slides/msn09talks/wa
tts_photonics.pdf}",
note = "[Online; accessed Jun-2012]"
}
@BOOKLET{wprobl_c1,
author = {{School of Electrical and Computer Engineering}, Georgia Tech},
title = {{Worked Problems, Chapter 4}},
howpublished = "\url{http://users.ece.gatech.edu/~bonnie/book/worked_problems/Chap4_Fseries_sol.pdf}",
note = "[Online; accessed Apr-2013]"
}
@BOOKLET{MIT_intro,
author = {{School of Electrical and Computer Engineering}, Georgia Tech},
title = {{Worked Problems, Chapter 4}},
howpublished = "\url{http://users.ece.gatech.edu/~bonnie/book/worked_problems/Chap4_Fseries_sol.pdf}",
note = "[Online; accessed Apr-2013]"
}
