@BOOKLET{LLS,
author = {Wikipedia},
title = {Linear Least Squares},
month = Marzo,
howpublished = "\url{http://en.wikipedia.org/wiki/Linear_least_squares_(mathematics)}",
note = "[Online; accessed Jun-2013]"
}
