@article{cornerdetection,
  title={Visual Perception Corner Detection},
  author={Martinez Herrera, Sergio Eduardo},
  pages={1-9},
  publisher={Universitat de Girona}
}
@article{kitchen1982gray,
  title={Visual Perception Corner Detection},
  author={Martinez Herrera, Sergio Eduardo},
  pages={1-9},
  publisher={Universitat de Girona}
}
@book{nixon2008feature,
  title={Feature extraction \& image processing},
  author={Nixon, Mark and Aguado, Alberto S},
  year={2008},
  publisher={Academic Press}
}
@book{hartley2000multiple,
  title={Multiple view geometry in computer vision},
  author={Hartley, Richard and Zisserman, Andrew},
  volume={2},
  year={2000},
  publisher={Cambridge Univ Press}
}
